@book{ArtOfUnix,
    author    = "Eric S. Raymond",
    title     = "The Art of UNIX Programming",
    year      = "2003",
    publisher = "Addison-Wesley Professional",
    address   = "Boston, Massachusetts",
    DOI = "https://books.google.ie/books?hl=en&lr=&id=H4q1t-jAcBIC&oi=fnd&pg=PR9&dq=The+art+of+unix+programming&ots=-g0tJnCicr&sig=pGqhv9BdQUu9qnsgn5IyVEr8I5k&redir_esc=y#v=onepage&q=The%20art%20of%20unix%20programming&f=false"
}
 
@book{IntroductionReact,
    author    = "Cory Gackenheimer",
    title     = "Introduction to React",
    year      = "2015",
    publisher = "LLC One New York Plaza, NY",
    DOI = "https://books.google.ie/books?hl=en&lr=&id=NZCKCgAAQBAJ&oi=fnd&pg=PR6&dq=react+framework&ots=KBtpSkEA6d&sig=KkbtMeLhVDNJCbBpNnyPFJpVfM4&redir_esc=y#v=onepage&q&f=false"
} 

@readme{Axios,
    author  = "Axios",
    title   = "Axios readme",
    url     = "https://github.com/axios/axios/blob/master/README.md"
}

@readme{ExpressRM,
    author  = "TJ Holowaychuk",
    title   = "Express",
    url     = "https://github.com/expressjs/express/blob/master/Readme.md"
}

@misc{NodsJS,
    author  = "node.js",
    title   = "NodeJS Website",
    url     = "https://nodejs.org/en/about/"
}

@misc{ExpressJS,
    author  = "Express",
    title   = "Express.js Website",
    url     = "https://expressjs.com"
}

@misc{fullStackJS,
    author  = "altexsoft",
    title   = "Full Stack JavaScript Development Explained",
    year    = "2021"
}

@article{PaypalNodeJS,
    author  = "Nick Health",
    title   = "How replacing Java with Javascript is paying off for PayPal",
    year    = "2013"
}

@tutorial{Javapoint,
    author    = "Java point",
    title     = "Spring Boot Tutorial",
    url       = "https://www.javatpoint.com/spring-boot-tutorial"
}

@misc{Baeldung,
    author    = "Baeldung",
    title     = "Guide to the Authentication Manager Resolver in Spring Security",
    url       = "https://www.baeldung.com/spring-security-authenticationmanagerresolver"
}

@tutorial{zKoder,
    author    = " bezkoder",
    title     = "Spring Boot MongoDB CRUD example with Maven",
    url       = "https://bezkoder.com/spring-boot-mongodb-crud/",
    year      = "2020"
}

@tutorial{TutorialsPoint,
    author    = "Tutorials Point",
    title     = "Spring Boot - Introduction",
    url       = "https://www.tutorialspoint.com/spring_boot/spring_boot_introduction.htm"
}

@website{PostMan,
    author    = "PostMan",
    title     = "PostMan",
    url       = "https://www.postman.com/"
}

@blog{AWS,
    author    = "Kunal Yadav",
    title     = "What is AWS and What can you do with it",
    url       = "https://blog.usejournal.com/what-is-aws-and-what-can-you-do-with-it-395b585b03c",
    year      = "2018"
}

@blog{Jira,
    author    = "Erin Gilliam Haije",
    title     = "Mopinion integrates with Atlassianâ€™s issue tracking tool JIRA",
    url       = "https://mopinion.com/mopinion-integrates-with-jira/",
    year      = "2020"
}

@blog{Mongo,
    author    = "Troy McConaghy",
    title     = "Using MongoDB to Query BigchainDB Data",
    url       = "https://blog.bigchaindb.com/using-mongodb-to-query-bigchaindb-data-3fc651e0861b",
    year      = "2018"
}

@blog{Docker,
    author    = "Dev Coops",
    title     = "How to install docker on Ubuntu 19.04",
    url       = "https://devcoops.com/install-docker-on-ubuntu-19.04/",
    year      = "2019"
}

@blog{DockerHackernoon,
    author    = "Pavan Belagatti",
    title     = "Why We Love Docker and Best Practices for DevOps",
    url       = "https://hackernoon.com/docker-and-best-practices-for-devops-c53ta30ki",
    year      = "2019"
}

@website{React,
    author    = "React",
    title     = "What is React",
    url       = "https://reactjs.org/"
}


@website{Java,
    author    = "Oracle",
    title     = "Java",
    url       = "https://www.java.com/en/"
}

@website{IntelliJ,
    author    = "JetBrains",
    title     = "Intellij",
    url       = "https://www.jetbrains.com/idea/"
}

@website{vscode,
    author    = "Microsoft Team",
    title     = "VS code website",
    url       = "https://code.visualstudio.com/learn"
}

@blog{git,
    author    = "anegeles-za-kurtynami Admin",
    title     = "How to create a repository and host a website in GitHub in 2021",
    url       = "http://www.notes4free.in/blogs/How-to-create-a-repository-and-host-a-website-in-GitHub-in-2021",
    year      = "2021"
}

@blog{teams,
      author    = "Admin",
      title     = "Teams : Teams Laravel Jetstream",
      url       = "https://anegeles-za-kurtynami.blogspot.com/2021/04/teams-teams-laravel-jetstream-microsoft.html",
      year      = "2021"
}

@blog{awsblog,
      author    = "Adith Sreejay",
      title     = "Why AWS is leading in the Cloud Computing Sector and Advantages of AWS",
      url       = "https://medium.datadriveninvestor.com/why-aws-is-leading-in-the-cloud-computing-sector-and-advantages-of-aws-a8fa54d666f9",
      year      = "2021"
}

@blog{dockerDocs,
      author    = "Mirantis",
      title     = "Official docker documentation",
      url       = "https://docs.docker.com/get-started/overview/"
}